@inproceedings{quant,
 author = {Alistarh, Dan and Grubic, Demjan and Li, Jerry and Tomioka, Ryota and Vojnovic, Milan},
 booktitle = {Advances in Neural Information Processing Systems},
 editor = {I. Guyon and U. Von Luxburg and S. Bengio and H. Wallach and R. Fergus and S. Vishwanathan and R. Garnett},
 pages = {},
 publisher = {Curran Associates, Inc.},
 title = {QSGD: Communication-Efficient SGD via Gradient Quantization and Encoding},
 url = {https://proceedings.neurips.cc/paper_files/paper/2017/file/6c340f25839e6acdc73414517203f5f0-Paper.pdf},
 volume = {30},
 year = {2017}
}
